<foxml:digitalObject xmlns:foxml="info:fedora/fedora-system:def/foxml#" xmlns:xsi="http://www.w3.org/2001/XMLSchema-instance" PID="MARC21TEST:1002" xsi:schemaLocation="http://www.fedora.info/definitions/1/0/foxml1-0.xsd">
  <foxml:objectProperties>
    <foxml:property NAME="http://www.w3.org/1999/02/22-rdf-syntax-ns#type" VALUE="FedoraObject"></foxml:property>
    <foxml:property NAME="info:fedora/fedora-system:def/model#state" VALUE="A"></foxml:property>
    <foxml:property NAME="info:fedora/fedora-system:def/model#label" VALUE="MAQImported Item: The fragile state of the European Union (EU)"></foxml:property>
    <foxml:property NAME="info:fedora/fedora-system:def/model#contentModel" VALUE="VITAL"></foxml:property>
  </foxml:objectProperties>
  <foxml:datastream CONTROL_GROUP="X" ID="DC" STATE="A">
    <foxml:datastreamVersion ID="DC.0" LABEL="Dublin Core" MIMETYPE="text/xml">
      <foxml:xmlContent>
        <oai_dc:dc xmlns:dc="http://purl.org/dc/elements/1.1/" xmlns:oai_dc="http://www.openarchives.org/OAI/2.0/oai_dc/">
          <dc:creator>Fox, James.</dc:creator>
          <dc:title>The fragile state of the European Union (EU)</dc:title>
          <dc:publisher>. </dc:publisher>
          <dc:date>2006.</dc:date>
          <dc:description>The European Union (EU) is partly supranational and partly inter-governmental.  It is dependent on the concurrance of all its Member States for the important decisions required for the running of the EU.  This causes an inherent instability in the EU.</dc:description>
          <dc:subject>European Union.</dc:subject>
          <dc:creator>Macquarie University.</dc:creator>
        </oai_dc:dc>
      </foxml:xmlContent>
    </foxml:datastreamVersion>
  </foxml:datastream>
  <foxml:datastream CONTROL_GROUP="X" ID="DS1" STATE="I">
    <foxml:datastreamVersion ID="DS1.0" LABEL="MARCXML Record" MIMETYPE="text/xml">
      <foxml:xmlContent>
        <collection xmlns="http://www.loc.gov/MARC21/slim" xsi:schemaLocation="http://www.loc.gov/MARC21/slim http://www.loc.gov/standards/marcxml/schema/MARC21slim.xsd">
          <record>
            <leader>02303ctm a2200241 a 4500</leader>
            <controlfield tag="001">748908</controlfield>
            <controlfield tag="005">20060919143213.0</controlfield>
            <controlfield tag="008">060426s2006    xnaa     bm   000 0 eng d</controlfield>
            <datafield ind1=" " ind2=" " tag="040">
              <subfield code="a">NMQU</subfield>
              <subfield code="b">eng</subfield>
              <subfield code="c">NMQU</subfield>
            </datafield>
            <datafield ind1=" " ind2=" " tag="042">
              <subfield code="a">anuc</subfield>
            </datafield>
            <datafield ind1=" " ind2=" " tag="043">
              <subfield code="a">e------</subfield>
            </datafield>
            <datafield ind1=" " ind2=" " tag="090">
              <subfield code="a">Electronic version</subfield>
            </datafield>
            <datafield ind1="1" ind2=" " tag="100">
              <subfield code="a">Fox, James.</subfield>
            </datafield>
            <datafield ind1="1" ind2="4" tag="245">
              <subfield code="a">The fragile state of the European Union (EU)</subfield>
              <subfield code="h">[electronic resource] :</subfield>
              <subfield code="b">its battle for survival with the Member States /</subfield>
              <subfield code="c">James Fox.</subfield>
            </datafield>
            <datafield ind1=" " ind2=" " tag="260">
              <subfield code="c">2006.</subfield>
            </datafield>
            <datafield ind1=" " ind2=" " tag="502">
              <subfield code="a">Thesis (Masters)--Macquarie University (Division of Humanitites, Department of Politics), 2006.</subfield>
            </datafield>
            <datafield ind1=" " ind2=" " tag="504">
              <subfield code="a">Bibliography: p. 215-231.</subfield>
            </datafield>
            <datafield ind1="0" ind2=" " tag="505">
              <subfield code="a">The fragile state of the European Union (EU), its battle for survival with the Member States. -- The growth of the EU and the gradual transfer of powers from the Member States. -- The impact of the European Court of Justice. -- The formation of policy communities and multi-level governance. -- The Commission's sole right to initiate legislation and its reference to subsidiarity. -- The all-powerful Competition Directorate, which has an influential section of economic purists. -- The increased powers of the European Parliament and its shortcomings. -- The reluctance of national governments to adopt progressive attitudes and to let the Commission change its policies and procedures. -- The national contributions to the EU budget. -- The taxation differences between the various Member States. -- The EU constitution. -- The demographic development. -- Regional development and the structural funds. -- Competition policy. -- The Common Agricultural Policy. -- The Common Environment Policy. -- Economic and Monetary Union (EMU), the Euro, the Stability and Growth Pact (SGP) and the European Central Bank. -- Transport. -- The Common Energy Policy. -- The Area of Freedom, Security and Justice (AFSJ).</subfield>
            </datafield>
            <datafield ind1="0" ind2=" " tag="520">
              <subfield code="a">The European Union (EU) is partly supranational and partly inter-governmental.  It is dependent on the concurrance of all its Member States for the important decisions required for the running of the EU.  This causes an inherent instability in the EU.</subfield>
            </datafield>
            <datafield ind1=" " ind2=" " tag="533">
              <subfield code="a">Electronic reproduction.</subfield>
              <subfield code="b">[Australia] :</subfield>
              <subfield code="c">Australasian Digital Theses program,</subfield>
              <subfield code="d">2006.</subfield>
            </datafield>
            <datafield ind1=" " ind2="0" tag="650">
              <subfield code="a">European Union.</subfield>
            </datafield>
            <datafield ind1="1" ind2=" " tag="710">
              <subfield code="a">Macquarie University.</subfield>
              <subfield code="c">Dept. of Politics.</subfield>
            </datafield>
            <datafield ind1=" " ind2=" " tag="929">
              <subfield code="a">NMQU...2006</subfield>
            </datafield>
          </record>
        </collection>
      </foxml:xmlContent>
    </foxml:datastreamVersion>
  </foxml:datastream>
</foxml:digitalObject>